%YAML 1.1
%TAG !u! tag:unity3d.com,2011:
--- !u!29 &1
OcclusionCullingSettings:
  m_ObjectHideFlags: 0
  serializedVersion: 2
  m_OcclusionBakeSettings:
    smallestOccluder: 5
    smallestHole: 0.25
    backfaceThreshold: 100
  m_SceneGUID: 00000000000000000000000000000000
  m_OcclusionCullingData: {fileID: 0}
--- !u!104 &2
RenderSettings:
  m_ObjectHideFlags: 0
  serializedVersion: 8
  m_Fog: 0
  m_FogColor: {r: 0.5, g: 0.5, b: 0.5, a: 1}
  m_FogMode: 3
  m_FogDensity: 0.01
  m_LinearFogStart: 0
  m_LinearFogEnd: 300
  m_AmbientSkyColor: {r: 0.212, g: 0.227, b: 0.259, a: 1}
  m_AmbientEquatorColor: {r: 0.114, g: 0.125, b: 0.133, a: 1}
  m_AmbientGroundColor: {r: 0.047, g: 0.043, b: 0.035, a: 1}
  m_AmbientIntensity: 1
  m_AmbientMode: 0
  m_SubtractiveShadowColor: {r: 0.42, g: 0.478, b: 0.627, a: 1}
  m_SkyboxMaterial: {fileID: 10756, guid: 0000000000000000e000000000000000, type: 0}
  m_HaloStrength: 0.5
  m_FlareStrength: 1
  m_FlareFadeSpeed: 3
  m_HaloTexture: {fileID: 0}
  m_SpotCookie: {fileID: 10001, guid: 0000000000000000e000000000000000, type: 0}
  m_DefaultReflectionMode: 0
  m_DefaultReflectionResolution: 128
  m_ReflectionBounces: 1
  m_ReflectionIntensity: 1
  m_CustomReflection: {fileID: 0}
  m_Sun: {fileID: 0}
  m_IndirectSpecularColor: {r: NaN, g: NaN, b: NaN, a: 1}
--- !u!157 &3
LightmapSettings:
  m_ObjectHideFlags: 0
  serializedVersion: 11
  m_GIWorkflowMode: 1
  m_GISettings:
    serializedVersion: 2
    m_BounceScale: 1
    m_IndirectOutputScale: 1
    m_AlbedoBoost: 1
    m_TemporalCoherenceThreshold: 1
    m_EnvironmentLightingMode: 0
    m_EnableBakedLightmaps: 1
    m_EnableRealtimeLightmaps: 1
  m_LightmapEditorSettings:
    serializedVersion: 9
    m_Resolution: 2
    m_BakeResolution: 40
    m_TextureWidth: 1024
    m_TextureHeight: 1024
    m_AO: 0
    m_AOMaxDistance: 1
    m_CompAOExponent: 1
    m_CompAOExponentDirect: 0
    m_Padding: 2
    m_LightmapParameters: {fileID: 0}
    m_LightmapsBakeMode: 1
    m_TextureCompression: 1
    m_FinalGather: 0
    m_FinalGatherFiltering: 1
    m_FinalGatherRayCount: 256
    m_ReflectionCompression: 2
    m_MixedBakeMode: 2
    m_BakeBackend: 0
    m_PVRSampling: 1
    m_PVRDirectSampleCount: 32
    m_PVRSampleCount: 500
    m_PVRBounces: 2
    m_PVRFilterTypeDirect: 0
    m_PVRFilterTypeIndirect: 0
    m_PVRFilterTypeAO: 0
    m_PVRFilteringMode: 1
    m_PVRCulling: 1
    m_PVRFilteringGaussRadiusDirect: 1
    m_PVRFilteringGaussRadiusIndirect: 5
    m_PVRFilteringGaussRadiusAO: 2
    m_PVRFilteringAtrousPositionSigmaDirect: 0.5
    m_PVRFilteringAtrousPositionSigmaIndirect: 2
    m_PVRFilteringAtrousPositionSigmaAO: 1
    m_ShowResolutionOverlay: 1
  m_LightingDataAsset: {fileID: 112000002, guid: eb4deb089e3512046871e64d5fb2c4bc,
    type: 2}
  m_UseShadowmask: 1
--- !u!196 &4
NavMeshSettings:
  serializedVersion: 2
  m_ObjectHideFlags: 0
  m_BuildSettings:
    serializedVersion: 2
    agentTypeID: 0
    agentRadius: 0.5
    agentHeight: 2
    agentSlope: 45
    agentClimb: 0.4
    ledgeDropHeight: 0
    maxJumpAcrossDistance: 0
    minRegionArea: 2
    manualCellSize: 0
    cellSize: 0.16666667
    manualTileSize: 0
    tileSize: 256
    accuratePlacement: 0
    debug:
      m_Flags: 0
  m_NavMeshData: {fileID: 23800000, guid: acc34b0bbdc881242a16ca783b008945, type: 2}
--- !u!1 &235971891
GameObject:
  m_ObjectHideFlags: 0
  m_PrefabParentObject: {fileID: 0}
  m_PrefabInternal: {fileID: 0}
  serializedVersion: 5
  m_Component:
  - component: {fileID: 235971893}
  - component: {fileID: 235971894}
  - component: {fileID: 235971892}
  m_Layer: 0
  m_Name: GerenciadorDoJogo
  m_TagString: Untagged
  m_Icon: {fileID: 0}
  m_NavMeshLayer: 0
  m_StaticEditorFlags: 0
  m_IsActive: 1
--- !u!114 &235971892
MonoBehaviour:
  m_ObjectHideFlags: 0
  m_PrefabParentObject: {fileID: 0}
  m_PrefabInternal: {fileID: 0}
  m_GameObject: {fileID: 235971891}
  m_Enabled: 1
  m_EditorHideFlags: 0
  m_Script: {fileID: 11500000, guid: fae101a8a60b0b94686b6a54d79f2824, type: 3}
  m_Name: 
  m_EditorClassIdentifier: 
  ouro: 0
  ouroGanhoPorVitoria: 0
  xpGanhoPorVitoria: 0
  jogadorXpAtual: 0
  jogadorXpMaximoDoNivelAtual: 0
  jogadorNivel: 0
  jogadorVidaTotal: 0
  jogadorDano: 0
  cenarioAtual: 
--- !u!4 &235971893
Transform:
  m_ObjectHideFlags: 0
  m_PrefabParentObject: {fileID: 0}
  m_PrefabInternal: {fileID: 0}
  m_GameObject: {fileID: 235971891}
  m_LocalRotation: {x: 0, y: 0, z: 0, w: 1}
  m_LocalPosition: {x: -0.20755059, y: 1.2892847, z: 2.105794}
  m_LocalScale: {x: 1, y: 1, z: 1}
  m_Children: []
  m_Father: {fileID: 0}
  m_RootOrder: 1
  m_LocalEulerAnglesHint: {x: 0, y: 0, z: 0}
--- !u!114 &235971894
MonoBehaviour:
  m_ObjectHideFlags: 0
  m_PrefabParentObject: {fileID: 0}
  m_PrefabInternal: {fileID: 0}
  m_GameObject: {fileID: 235971891}
  m_Enabled: 1
  m_EditorHideFlags: 0
  m_Script: {fileID: 11500000, guid: 965c86346b6394b42b833637d868e72f, type: 3}
  m_Name: 
  m_EditorClassIdentifier: 
  game: {fileID: 1081979601}
  menu: {fileID: 1158105051}
  splashScreen: {fileID: 490235445}
  cam_Menu_Splash: {fileID: 1038072782}
--- !u!1001 &305896058
Prefab:
  m_ObjectHideFlags: 0
  serializedVersion: 2
  m_Modification:
    m_TransformParent: {fileID: 0}
    m_Modifications:
    - target: {fileID: 4447118364898552, guid: 7786de97e96c7504aa61f286eaf0223d, type: 2}
      propertyPath: m_LocalPosition.x
      value: 123.68171
      objectReference: {fileID: 0}
    - target: {fileID: 4447118364898552, guid: 7786de97e96c7504aa61f286eaf0223d, type: 2}
      propertyPath: m_LocalPosition.y
      value: 248.51025
      objectReference: {fileID: 0}
    - target: {fileID: 4447118364898552, guid: 7786de97e96c7504aa61f286eaf0223d, type: 2}
      propertyPath: m_LocalPosition.z
      value: -1.7080437
      objectReference: {fileID: 0}
    - target: {fileID: 4447118364898552, guid: 7786de97e96c7504aa61f286eaf0223d, type: 2}
      propertyPath: m_LocalRotation.x
      value: -0
      objectReference: {fileID: 0}
    - target: {fileID: 4447118364898552, guid: 7786de97e96c7504aa61f286eaf0223d, type: 2}
      propertyPath: m_LocalRotation.y
      value: -0
      objectReference: {fileID: 0}
    - target: {fileID: 4447118364898552, guid: 7786de97e96c7504aa61f286eaf0223d, type: 2}
      propertyPath: m_LocalRotation.z
      value: -0
      objectReference: {fileID: 0}
    - target: {fileID: 4447118364898552, guid: 7786de97e96c7504aa61f286eaf0223d, type: 2}
      propertyPath: m_LocalRotation.w
      value: 1
      objectReference: {fileID: 0}
    - target: {fileID: 4447118364898552, guid: 7786de97e96c7504aa61f286eaf0223d, type: 2}
      propertyPath: m_RootOrder
      value: 3
      objectReference: {fileID: 0}
    - target: {fileID: 114281203147907944, guid: 7786de97e96c7504aa61f286eaf0223d,
        type: 2}
      propertyPath: dadosJogador
      value: 
      objectReference: {fileID: 235971892}
    - target: {fileID: 224079438142970050, guid: 7786de97e96c7504aa61f286eaf0223d,
        type: 2}
      propertyPath: m_AnchoredPosition.x
      value: 0
      objectReference: {fileID: 0}
    - target: {fileID: 224079438142970050, guid: 7786de97e96c7504aa61f286eaf0223d,
        type: 2}
      propertyPath: m_AnchoredPosition.y
      value: 0
      objectReference: {fileID: 0}
    - target: {fileID: 224947509842760618, guid: 7786de97e96c7504aa61f286eaf0223d,
        type: 2}
      propertyPath: m_AnchoredPosition.x
      value: -0.000024318695
      objectReference: {fileID: 0}
    - target: {fileID: 224947509842760618, guid: 7786de97e96c7504aa61f286eaf0223d,
        type: 2}
      propertyPath: m_AnchoredPosition.y
      value: -0.0000030398369
      objectReference: {fileID: 0}
    - target: {fileID: 224159547810518964, guid: 7786de97e96c7504aa61f286eaf0223d,
        type: 2}
      propertyPath: m_AnchoredPosition.x
      value: 0
      objectReference: {fileID: 0}
    - target: {fileID: 224159547810518964, guid: 7786de97e96c7504aa61f286eaf0223d,
        type: 2}
      propertyPath: m_AnchoredPosition.y
      value: 0
      objectReference: {fileID: 0}
    - target: {fileID: 224858356922677328, guid: 7786de97e96c7504aa61f286eaf0223d,
        type: 2}
      propertyPath: m_AnchoredPosition.x
      value: 0
      objectReference: {fileID: 0}
    - target: {fileID: 224858356922677328, guid: 7786de97e96c7504aa61f286eaf0223d,
        type: 2}
      propertyPath: m_AnchoredPosition.y
      value: 0
      objectReference: {fileID: 0}
    - target: {fileID: 224377999715337684, guid: 7786de97e96c7504aa61f286eaf0223d,
        type: 2}
      propertyPath: m_AnchoredPosition.y
      value: 0
      objectReference: {fileID: 0}
    - target: {fileID: 224630576136864658, guid: 7786de97e96c7504aa61f286eaf0223d,
        type: 2}
      propertyPath: m_AnchoredPosition.x
      value: 0
      objectReference: {fileID: 0}
    - target: {fileID: 224630576136864658, guid: 7786de97e96c7504aa61f286eaf0223d,
        type: 2}
      propertyPath: m_AnchoredPosition.y
      value: 0
      objectReference: {fileID: 0}
    - target: {fileID: 224533017405339714, guid: 7786de97e96c7504aa61f286eaf0223d,
        type: 2}
      propertyPath: m_AnchoredPosition.x
      value: 0
      objectReference: {fileID: 0}
    - target: {fileID: 224533017405339714, guid: 7786de97e96c7504aa61f286eaf0223d,
        type: 2}
      propertyPath: m_AnchoredPosition.y
      value: 0
      objectReference: {fileID: 0}
    - target: {fileID: 224468417237234876, guid: 7786de97e96c7504aa61f286eaf0223d,
        type: 2}
      propertyPath: m_AnchoredPosition.x
      value: 0
      objectReference: {fileID: 0}
    - target: {fileID: 224468417237234876, guid: 7786de97e96c7504aa61f286eaf0223d,
        type: 2}
      propertyPath: m_AnchoredPosition.y
      value: 0
      objectReference: {fileID: 0}
    - target: {fileID: 224472204956887336, guid: 7786de97e96c7504aa61f286eaf0223d,
        type: 2}
      propertyPath: m_AnchoredPosition.x
      value: -0.00009727478
      objectReference: {fileID: 0}
    - target: {fileID: 224472204956887336, guid: 7786de97e96c7504aa61f286eaf0223d,
        type: 2}
      propertyPath: m_AnchoredPosition.y
      value: -0.0000038146973
      objectReference: {fileID: 0}
    - target: {fileID: 224382372731888410, guid: 7786de97e96c7504aa61f286eaf0223d,
        type: 2}
      propertyPath: m_AnchoredPosition.x
      value: 0
      objectReference: {fileID: 0}
    - target: {fileID: 224382372731888410, guid: 7786de97e96c7504aa61f286eaf0223d,
        type: 2}
      propertyPath: m_AnchoredPosition.y
      value: 0
      objectReference: {fileID: 0}
    - target: {fileID: 224899926133889980, guid: 7786de97e96c7504aa61f286eaf0223d,
        type: 2}
      propertyPath: m_AnchoredPosition.x
      value: 0
      objectReference: {fileID: 0}
    - target: {fileID: 224642401046850590, guid: 7786de97e96c7504aa61f286eaf0223d,
        type: 2}
      propertyPath: m_AnchoredPosition.x
      value: 0
      objectReference: {fileID: 0}
    - target: {fileID: 224642401046850590, guid: 7786de97e96c7504aa61f286eaf0223d,
        type: 2}
      propertyPath: m_AnchoredPosition.y
      value: 0
      objectReference: {fileID: 0}
    - target: {fileID: 224506336779290896, guid: 7786de97e96c7504aa61f286eaf0223d,
        type: 2}
      propertyPath: m_AnchoredPosition.x
      value: 0
      objectReference: {fileID: 0}
    - target: {fileID: 224506336779290896, guid: 7786de97e96c7504aa61f286eaf0223d,
        type: 2}
      propertyPath: m_AnchoredPosition.y
      value: 0
      objectReference: {fileID: 0}
    - target: {fileID: 224978324349143886, guid: 7786de97e96c7504aa61f286eaf0223d,
        type: 2}
      propertyPath: m_AnchoredPosition.x
      value: 0
      objectReference: {fileID: 0}
    - target: {fileID: 224978324349143886, guid: 7786de97e96c7504aa61f286eaf0223d,
        type: 2}
      propertyPath: m_AnchoredPosition.y
      value: 0
      objectReference: {fileID: 0}
    - target: {fileID: 224498735720089010, guid: 7786de97e96c7504aa61f286eaf0223d,
        type: 2}
      propertyPath: m_AnchoredPosition.x
      value: 0
      objectReference: {fileID: 0}
    - target: {fileID: 224498735720089010, guid: 7786de97e96c7504aa61f286eaf0223d,
        type: 2}
      propertyPath: m_AnchoredPosition.y
      value: 0
      objectReference: {fileID: 0}
    - target: {fileID: 224219115956844624, guid: 7786de97e96c7504aa61f286eaf0223d,
        type: 2}
      propertyPath: m_AnchoredPosition.x
      value: 0
      objectReference: {fileID: 0}
    - target: {fileID: 224219115956844624, guid: 7786de97e96c7504aa61f286eaf0223d,
        type: 2}
      propertyPath: m_AnchoredPosition.y
      value: 0
      objectReference: {fileID: 0}
    - target: {fileID: 224516128842012826, guid: 7786de97e96c7504aa61f286eaf0223d,
        type: 2}
      propertyPath: m_AnchoredPosition.x
      value: -0.00009727478
      objectReference: {fileID: 0}
    - target: {fileID: 224516128842012826, guid: 7786de97e96c7504aa61f286eaf0223d,
        type: 2}
      propertyPath: m_AnchoredPosition.y
      value: 0
      objectReference: {fileID: 0}
    - target: {fileID: 224208035459026370, guid: 7786de97e96c7504aa61f286eaf0223d,
        type: 2}
      propertyPath: m_AnchoredPosition.x
      value: 0
      objectReference: {fileID: 0}
    - target: {fileID: 224208035459026370, guid: 7786de97e96c7504aa61f286eaf0223d,
        type: 2}
      propertyPath: m_AnchoredPosition.y
      value: 0
      objectReference: {fileID: 0}
    - target: {fileID: 224983223929433408, guid: 7786de97e96c7504aa61f286eaf0223d,
        type: 2}
      propertyPath: m_AnchoredPosition.x
      value: 0
      objectReference: {fileID: 0}
    - target: {fileID: 224600565440944772, guid: 7786de97e96c7504aa61f286eaf0223d,
        type: 2}
      propertyPath: m_AnchoredPosition.x
      value: 0
      objectReference: {fileID: 0}
    - target: {fileID: 224600565440944772, guid: 7786de97e96c7504aa61f286eaf0223d,
        type: 2}
      propertyPath: m_AnchoredPosition.y
      value: 0
      objectReference: {fileID: 0}
    - target: {fileID: 224491818042651752, guid: 7786de97e96c7504aa61f286eaf0223d,
        type: 2}
      propertyPath: m_AnchoredPosition.x
      value: 0.00000333786
      objectReference: {fileID: 0}
    - target: {fileID: 224491818042651752, guid: 7786de97e96c7504aa61f286eaf0223d,
        type: 2}
      propertyPath: m_AnchoredPosition.y
      value: -0.0000060796738
      objectReference: {fileID: 0}
    - target: {fileID: 224942120186756382, guid: 7786de97e96c7504aa61f286eaf0223d,
        type: 2}
      propertyPath: m_AnchoredPosition.x
      value: 0
      objectReference: {fileID: 0}
    - target: {fileID: 224942120186756382, guid: 7786de97e96c7504aa61f286eaf0223d,
        type: 2}
      propertyPath: m_AnchoredPosition.y
      value: 0
      objectReference: {fileID: 0}
    - target: {fileID: 224448361032869092, guid: 7786de97e96c7504aa61f286eaf0223d,
        type: 2}
      propertyPath: m_AnchoredPosition.x
      value: 0
      objectReference: {fileID: 0}
    - target: {fileID: 224448361032869092, guid: 7786de97e96c7504aa61f286eaf0223d,
        type: 2}
      propertyPath: m_AnchoredPosition.y
      value: 0
      objectReference: {fileID: 0}
    - target: {fileID: 224722072718868284, guid: 7786de97e96c7504aa61f286eaf0223d,
        type: 2}
      propertyPath: m_AnchoredPosition.x
      value: 0
      objectReference: {fileID: 0}
    - target: {fileID: 224722072718868284, guid: 7786de97e96c7504aa61f286eaf0223d,
        type: 2}
      propertyPath: m_AnchoredPosition.y
      value: 0
      objectReference: {fileID: 0}
    - target: {fileID: 224476500151477122, guid: 7786de97e96c7504aa61f286eaf0223d,
        type: 2}
      propertyPath: m_AnchoredPosition.x
      value: 0
      objectReference: {fileID: 0}
    - target: {fileID: 224476500151477122, guid: 7786de97e96c7504aa61f286eaf0223d,
        type: 2}
      propertyPath: m_AnchoredPosition.y
      value: 0
      objectReference: {fileID: 0}
    - target: {fileID: 1614336949104772, guid: 7786de97e96c7504aa61f286eaf0223d, type: 2}
      propertyPath: m_IsActive
      value: 0
      objectReference: {fileID: 0}
    m_RemovedComponents: []
  m_ParentPrefab: {fileID: 100100000, guid: 7786de97e96c7504aa61f286eaf0223d, type: 2}
  m_IsPrefabParent: 0
--- !u!1001 &415105728
Prefab:
  m_ObjectHideFlags: 0
  serializedVersion: 2
  m_Modification:
    m_TransformParent: {fileID: 0}
    m_Modifications:
    - target: {fileID: 4897509471606158, guid: fd91ce2c58cfdc845b9b21021f6f6607, type: 2}
      propertyPath: m_LocalPosition.x
      value: 37.914062
      objectReference: {fileID: 0}
    - target: {fileID: 4897509471606158, guid: fd91ce2c58cfdc845b9b21021f6f6607, type: 2}
      propertyPath: m_LocalPosition.y
      value: 160.74219
      objectReference: {fileID: 0}
    - target: {fileID: 4897509471606158, guid: fd91ce2c58cfdc845b9b21021f6f6607, type: 2}
      propertyPath: m_LocalPosition.z
      value: 24.875
      objectReference: {fileID: 0}
    - target: {fileID: 4897509471606158, guid: fd91ce2c58cfdc845b9b21021f6f6607, type: 2}
      propertyPath: m_LocalRotation.x
      value: 0
      objectReference: {fileID: 0}
    - target: {fileID: 4897509471606158, guid: fd91ce2c58cfdc845b9b21021f6f6607, type: 2}
      propertyPath: m_LocalRotation.y
      value: 0
      objectReference: {fileID: 0}
    - target: {fileID: 4897509471606158, guid: fd91ce2c58cfdc845b9b21021f6f6607, type: 2}
      propertyPath: m_LocalRotation.z
      value: 0
      objectReference: {fileID: 0}
    - target: {fileID: 4897509471606158, guid: fd91ce2c58cfdc845b9b21021f6f6607, type: 2}
      propertyPath: m_LocalRotation.w
      value: 1
      objectReference: {fileID: 0}
    - target: {fileID: 4897509471606158, guid: fd91ce2c58cfdc845b9b21021f6f6607, type: 2}
      propertyPath: m_RootOrder
      value: 2
      objectReference: {fileID: 0}
    - target: {fileID: 114646815106327852, guid: fd91ce2c58cfdc845b9b21021f6f6607,
        type: 2}
      propertyPath: dadosJogador
      value: 
      objectReference: {fileID: 235971892}
    - target: {fileID: 224736375516740260, guid: fd91ce2c58cfdc845b9b21021f6f6607,
        type: 2}
      propertyPath: m_AnchorMax.x
      value: 1
      objectReference: {fileID: 0}
    - target: {fileID: 224736375516740260, guid: fd91ce2c58cfdc845b9b21021f6f6607,
        type: 2}
      propertyPath: m_AnchorMax.y
      value: 1
      objectReference: {fileID: 0}
    - target: {fileID: 224677083651878196, guid: fd91ce2c58cfdc845b9b21021f6f6607,
        type: 2}
      propertyPath: m_AnchorMax.x
      value: 1
      objectReference: {fileID: 0}
    - target: {fileID: 224677083651878196, guid: fd91ce2c58cfdc845b9b21021f6f6607,
        type: 2}
      propertyPath: m_AnchorMax.y
      value: 1
      objectReference: {fileID: 0}
    - target: {fileID: 1040059111072464, guid: fd91ce2c58cfdc845b9b21021f6f6607, type: 2}
      propertyPath: m_IsActive
      value: 0
      objectReference: {fileID: 0}
    - target: {fileID: 20568039041375744, guid: fd91ce2c58cfdc845b9b21021f6f6607,
        type: 2}
      propertyPath: m_Depth
      value: 1
      objectReference: {fileID: 0}
    - target: {fileID: 20839169355895806, guid: fd91ce2c58cfdc845b9b21021f6f6607,
        type: 2}
      propertyPath: m_Depth
      value: 1
      objectReference: {fileID: 0}
    m_RemovedComponents: []
  m_ParentPrefab: {fileID: 100100000, guid: fd91ce2c58cfdc845b9b21021f6f6607, type: 2}
  m_IsPrefabParent: 0
--- !u!1001 &490235444
Prefab:
  m_ObjectHideFlags: 0
  serializedVersion: 2
  m_Modification:
    m_TransformParent: {fileID: 0}
    m_Modifications:
    - target: {fileID: 224220595996898798, guid: 9d2a8eadf9b599d46990a2dd987cf5dc,
        type: 2}
      propertyPath: m_LocalPosition.x
      value: 0
      objectReference: {fileID: 0}
    - target: {fileID: 224220595996898798, guid: 9d2a8eadf9b599d46990a2dd987cf5dc,
        type: 2}
      propertyPath: m_LocalPosition.y
      value: 0
      objectReference: {fileID: 0}
    - target: {fileID: 224220595996898798, guid: 9d2a8eadf9b599d46990a2dd987cf5dc,
        type: 2}
      propertyPath: m_LocalPosition.z
      value: 0
      objectReference: {fileID: 0}
    - target: {fileID: 224220595996898798, guid: 9d2a8eadf9b599d46990a2dd987cf5dc,
        type: 2}
      propertyPath: m_LocalRotation.x
      value: 0
      objectReference: {fileID: 0}
    - target: {fileID: 224220595996898798, guid: 9d2a8eadf9b599d46990a2dd987cf5dc,
        type: 2}
      propertyPath: m_LocalRotation.y
      value: 0
      objectReference: {fileID: 0}
    - target: {fileID: 224220595996898798, guid: 9d2a8eadf9b599d46990a2dd987cf5dc,
        type: 2}
      propertyPath: m_LocalRotation.z
      value: 0
      objectReference: {fileID: 0}
    - target: {fileID: 224220595996898798, guid: 9d2a8eadf9b599d46990a2dd987cf5dc,
        type: 2}
      propertyPath: m_LocalRotation.w
      value: 1
      objectReference: {fileID: 0}
    - target: {fileID: 224220595996898798, guid: 9d2a8eadf9b599d46990a2dd987cf5dc,
        type: 2}
      propertyPath: m_RootOrder
      value: 4
      objectReference: {fileID: 0}
    - target: {fileID: 224220595996898798, guid: 9d2a8eadf9b599d46990a2dd987cf5dc,
        type: 2}
      propertyPath: m_AnchoredPosition.x
      value: 0
      objectReference: {fileID: 0}
    - target: {fileID: 224220595996898798, guid: 9d2a8eadf9b599d46990a2dd987cf5dc,
        type: 2}
      propertyPath: m_AnchoredPosition.y
      value: 0
      objectReference: {fileID: 0}
    - target: {fileID: 224220595996898798, guid: 9d2a8eadf9b599d46990a2dd987cf5dc,
        type: 2}
      propertyPath: m_SizeDelta.x
      value: 0
      objectReference: {fileID: 0}
    - target: {fileID: 224220595996898798, guid: 9d2a8eadf9b599d46990a2dd987cf5dc,
        type: 2}
      propertyPath: m_SizeDelta.y
      value: 0
      objectReference: {fileID: 0}
    - target: {fileID: 224220595996898798, guid: 9d2a8eadf9b599d46990a2dd987cf5dc,
        type: 2}
      propertyPath: m_AnchorMin.x
      value: 0
      objectReference: {fileID: 0}
    - target: {fileID: 224220595996898798, guid: 9d2a8eadf9b599d46990a2dd987cf5dc,
        type: 2}
      propertyPath: m_AnchorMin.y
      value: 0
      objectReference: {fileID: 0}
    - target: {fileID: 224220595996898798, guid: 9d2a8eadf9b599d46990a2dd987cf5dc,
        type: 2}
      propertyPath: m_AnchorMax.x
      value: 0
      objectReference: {fileID: 0}
    - target: {fileID: 224220595996898798, guid: 9d2a8eadf9b599d46990a2dd987cf5dc,
        type: 2}
      propertyPath: m_AnchorMax.y
      value: 0
      objectReference: {fileID: 0}
    - target: {fileID: 224220595996898798, guid: 9d2a8eadf9b599d46990a2dd987cf5dc,
        type: 2}
      propertyPath: m_Pivot.x
      value: 0
      objectReference: {fileID: 0}
    - target: {fileID: 224220595996898798, guid: 9d2a8eadf9b599d46990a2dd987cf5dc,
        type: 2}
      propertyPath: m_Pivot.y
      value: 0
      objectReference: {fileID: 0}
    - target: {fileID: 1288096509863340, guid: 9d2a8eadf9b599d46990a2dd987cf5dc, type: 2}
      propertyPath: m_IsActive
      value: 1
      objectReference: {fileID: 0}
    m_RemovedComponents: []
  m_ParentPrefab: {fileID: 100100000, guid: 9d2a8eadf9b599d46990a2dd987cf5dc, type: 2}
  m_IsPrefabParent: 0
--- !u!1 &490235445 stripped
GameObject:
  m_PrefabParentObject: {fileID: 1288096509863340, guid: 9d2a8eadf9b599d46990a2dd987cf5dc,
    type: 2}
  m_PrefabInternal: {fileID: 490235444}
--- !u!1 &1038072782
GameObject:
  m_ObjectHideFlags: 0
  m_PrefabParentObject: {fileID: 0}
  m_PrefabInternal: {fileID: 0}
  serializedVersion: 5
  m_Component:
  - component: {fileID: 1038072786}
  - component: {fileID: 1038072785}
  - component: {fileID: 1038072784}
  - component: {fileID: 1038072783}
  m_Layer: 0
  m_Name: Camera
  m_TagString: Untagged
  m_Icon: {fileID: 0}
  m_NavMeshLayer: 0
  m_StaticEditorFlags: 0
  m_IsActive: 1
--- !u!81 &1038072783
AudioListener:
  m_ObjectHideFlags: 0
  m_PrefabParentObject: {fileID: 0}
  m_PrefabInternal: {fileID: 0}
  m_GameObject: {fileID: 1038072782}
  m_Enabled: 1
--- !u!124 &1038072784
Behaviour:
  m_ObjectHideFlags: 0
  m_PrefabParentObject: {fileID: 0}
  m_PrefabInternal: {fileID: 0}
  m_GameObject: {fileID: 1038072782}
  m_Enabled: 1
--- !u!20 &1038072785
Camera:
  m_ObjectHideFlags: 0
  m_PrefabParentObject: {fileID: 0}
  m_PrefabInternal: {fileID: 0}
  m_GameObject: {fileID: 1038072782}
  m_Enabled: 1
  serializedVersion: 2
  m_ClearFlags: 1
  m_BackGroundColor: {r: 0.19215687, g: 0.3019608, b: 0.4745098, a: 0}
  m_NormalizedViewPortRect:
    serializedVersion: 2
    x: 0
    y: 0
    width: 1
    height: 1
  near clip plane: 0.3
  far clip plane: 1000
  field of view: 60
  orthographic: 1
  orthographic size: 5
  m_Depth: 0
  m_CullingMask:
    serializedVersion: 2
    m_Bits: 4294967295
  m_RenderingPath: -1
  m_TargetTexture: {fileID: 0}
  m_TargetDisplay: 0
  m_TargetEye: 3
  m_HDR: 1
  m_AllowMSAA: 1
  m_AllowDynamicResolution: 0
  m_ForceIntoRT: 0
  m_OcclusionCulling: 1
  m_StereoConvergence: 10
  m_StereoSeparation: 0.022
--- !u!4 &1038072786
Transform:
  m_ObjectHideFlags: 0
  m_PrefabParentObject: {fileID: 0}
  m_PrefabInternal: {fileID: 0}
  m_GameObject: {fileID: 1038072782}
  m_LocalRotation: {x: 0, y: 0, z: 0, w: 1}
  m_LocalPosition: {x: 0, y: 0, z: 0}
  m_LocalScale: {x: 1, y: 1, z: 1}
  m_Children: []
  m_Father: {fileID: 0}
  m_RootOrder: 0
  m_LocalEulerAnglesHint: {x: 0, y: 0, z: 0}
--- !u!1 &1081979601 stripped
GameObject:
  m_PrefabParentObject: {fileID: 1040059111072464, guid: fd91ce2c58cfdc845b9b21021f6f6607,
    type: 2}
  m_PrefabInternal: {fileID: 415105728}
--- !u!1 &1158105051 stripped
GameObject:
  m_PrefabParentObject: {fileID: 1614336949104772, guid: 7786de97e96c7504aa61f286eaf0223d,
    type: 2}
  m_PrefabInternal: {fileID: 305896058}
--- !u!1 &2113002601
GameObject:
  m_ObjectHideFlags: 0
  m_PrefabParentObject: {fileID: 0}
  m_PrefabInternal: {fileID: 0}
  serializedVersion: 5
  m_Component:
  - component: {fileID: 2113002604}
  - component: {fileID: 2113002603}
  - component: {fileID: 2113002602}
  m_Layer: 0
  m_Name: EventSystem
  m_TagString: Untagged
  m_Icon: {fileID: 0}
  m_NavMeshLayer: 0
  m_StaticEditorFlags: 0
  m_IsActive: 1
--- !u!114 &2113002602
MonoBehaviour:
  m_ObjectHideFlags: 0
  m_PrefabParentObject: {fileID: 0}
  m_PrefabInternal: {fileID: 0}
  m_GameObject: {fileID: 2113002601}
  m_Enabled: 1
  m_EditorHideFlags: 0
  m_Script: {fileID: 1077351063, guid: f5f67c52d1564df4a8936ccd202a3bd8, type: 3}
  m_Name: 
  m_EditorClassIdentifier: 
  m_HorizontalAxis: Horizontal
  m_VerticalAxis: Vertical
  m_SubmitButton: Submit
  m_CancelButton: Cancel
  m_InputActionsPerSecond: 10
  m_RepeatDelay: 0.5
  m_ForceModuleActive: 1
--- !u!114 &2113002603
MonoBehaviour:
  m_ObjectHideFlags: 0
  m_PrefabParentObject: {fileID: 0}
  m_PrefabInternal: {fileID: 0}
  m_GameObject: {fileID: 2113002601}
  m_Enabled: 1
  m_EditorHideFlags: 0
  m_Script: {fileID: -619905303, guid: f5f67c52d1564df4a8936ccd202a3bd8, type: 3}
  m_Name: 
  m_EditorClassIdentifier: 
  m_FirstSelected: {fileID: 0}
  m_sendNavigationEvents: 1
  m_DragThreshold: 5
--- !u!4 &2113002604
Transform:
  m_ObjectHideFlags: 0
  m_PrefabParentObject: {fileID: 0}
  m_PrefabInternal: {fileID: 0}
  m_GameObject: {fileID: 2113002601}
  m_LocalRotation: {x: -0, y: -0, z: -0, w: 1}
  m_LocalPosition: {x: 0, y: 0, z: 0}
  m_LocalScale: {x: 1, y: 1, z: 1}
  m_Children: []
  m_Father: {fileID: 0}
  m_RootOrder: 5
  m_LocalEulerAnglesHint: {x: 0, y: 0, z: 0}
